@article{example,
  author    = {Author One and Author Two},
  title     = {An Example Article},
  journal   = {Journal of Examples},
  year      = {2024},
  volume    = {42},
  number    = {7},
  pages     = {123--456},
  publisher = {Example Publisher}
}
